@incollection{brox2004high,
  title={High accuracy optical flow estimation based on a theory for warping},
  author={Brox, Thomas and Bruhn, Andr{\'e}s and Papenberg, Nils and Weickert, Joachim},
  booktitle={Computer Vision-ECCV 2004},
  pages={25--36},
  year={2004},
  publisher={Springer}
}

